@INPROCEEDINGS{9596538,
  author={Kaushal, Rajesh Kumar and Kumar, Naveen and Panda, Surya Narayan and Kukreja, Vinay},
  booktitle={2021 9th International Conference on Reliability, Infocom Technologies and Optimization (Trends and Future Directions) (ICRITO)}, 
  title={Immutable Smart Contracts on Blockchain Technology: Its Benefits and Barriers}, 
  year={2021},
  volume={},
  number={},
  pages={1-5},
  keywords={Costs;Power demand;Smart contracts;Supply chains;Companies;Blockchains;Smart transportation;Blockchain;Crypto-Currency;Smart Contracts},
  doi={10.1109/ICRITO51393.2021.9596538}
}

@online{ibm_blockchain,
  author = {{IBM}},
  title = {{Blockchain Technology}},
  url = {https://www.ibm.com/topics/blockchain},
  urldate = {2024-02-06},
}

@INPROCEEDINGS{9752154,
  author={Gupta, Varun Chandra and Gabadia, Saheb and Agarwal, Menita and Samdani, Krishna},
  booktitle={2021 International Conference on Computational Performance Evaluation (ComPE)}, 
  title={An Intrinsic Review on Securitization using Blockchain}, 
  year={2021},
  volume={},
  number={},
  pages={971-976},
  keywords={Costs;Supply chain management;Smart contracts;Authentication;Transforms;Real-time systems;Blockchains;Blockchain;Consensus Mechanism;Decentralized;Distributed;Hash;Immutability;Smart Contracts;Securitization},
  doi={10.1109/ComPE53109.2021.9752154}
}

@INPROCEEDINGS{9036241,
  author={Sinha, Sheetal and Kumkum and Bathla, Ruchika},
  booktitle={2019 4th International Conference on Information Systems and Computer Networks (ISCON)}, 
  title={Implementation of Blockchain in Financial Sector to Improve Scalability}, 
  year={2019},
  volume={},
  number={},
  pages={144-148},
  keywords={Blockchain;Bitcoin;Information technology;Online banking;Applications of blockchain;benefits from blockchain;features of blockchain;security of blockchain},
  doi={10.1109/ISCON47742.2019.9036241}
}

@INPROCEEDINGS{10037907,
  author={Zhang, Xuesen and Guo, Qinglei and Ma, Xiaoxiao and Du, Zhe and Sun, Shuang and Bai, Desheng},
  booktitle={2022 9th International Forum on Electrical Engineering and Automation (IFEEA)}, 
  title={Research on blockchain consensus algorithm for large-scale high-concurrency power transactions}, 
  year={2022},
  volume={},
  number={},
  pages={1221-1225},
  keywords={Sharding;Scalability;Consensus algorithm;Parallel processing;Writing;Throughput;Power markets;energy field;blockchain;consensus algorithm},
  doi={10.1109/IFEEA57288.2022.10037907}
}

@online{geeksforgeeks,
  author = {{GeeksforGeeks}},
  title = {How does the Blockchain Work?},
  url = {https://www.geeksforgeeks.org/how-does-the-blockchain-work/},
  urldate = {2024-02-08},
}

@INPROCEEDINGS{9129332,
  author={Rankhambe, Bharti Pralhad and Kaur Khanuja, Harmeet},
  booktitle={2019 5th International Conference On Computing, Communication, Control And Automation (ICCUBEA)}, 
  title={A Comparative Analysis of Blockchain Platforms – Bitcoin and Ethereum}, 
  year={2019},
  volume={},
  number={},
  pages={1-7},
  keywords={blockchain;bitcoin;ethereum;consensus;SHA-256;Ethash;Keccak},
  doi={10.1109/ICCUBEA47591.2019.9129332}
}

@online{bitcoincom,
  author = {{Bitcoin.com}},
  title = {How Bitcoin Transactions Work},
  url = {https://www.bitcoin.com/get-started/how-bitcoin-transactions-work/},
  urldate = {2024-02-14},
}

@online{ethereummerge,
  author = {{Ethereum Foundation}},
  title = {The Merge},
  url = {https://ethereum.org/en/roadmap/merge},
  urldate = {2024-02-14},
}

@online{ethereumpos,
  author = {{Ethereum Foundation}},
  title = {Proof of Stake (PoS)},
  url = {https://ethereum.org/en/developers/docs/consensus-mechanisms/pos},
  urldate = {2024-02-14},
}

@online{mediumdigitalidentity,
  author = {{Humanizing the Singularity}},
  title = {A Brief History of Digital Identity},
  url = {https://medium.com/humanizing-the-singularity/a-brief-history-of-digital-identity-9d6a773bf9f5},
  urldate = {2024-02-20},
}

@online{businessreporter,
  author = {{Business Reporter}},
  title = {The History of Digital Identity},
  url = {https://www.business-reporter.co.uk/technology/the-history-of-digital-identity},
  urldate = {2024-02-20},
}

@INPROCEEDINGS{9695553,
  author={Jing, Yue and Li, Jingxuan and Wang, Yipeng and Li, Haihua},
  booktitle={2021 3rd International Academic Exchange Conference on Science and Technology Innovation (IAECST)}, 
  title={The Introduction of Digital Identity Evolution and the Industry of Decentralized Identity}, 
  year={2021},
  volume={},
  number={},
  pages={504-508},
  keywords={Industries;Technological innovation;Ecosystems;Government;Standardization;Passwords;Internet;digital identity;decentralized identity;decentralized identifier;blockchain},
  doi={10.1109/IAECST54258.2021.9695553}
}

@INPROCEEDINGS{9881610,
  author={Bai, Yirui and Lei, Hong and Li, Suozai and Gao, Haoyu and Li, Jun and Li, Leixiao},
  booktitle={2022 IEEE International Conference on Blockchain (Blockchain)}, 
  title={Decentralized and Self-Sovereign Identity in the Era of Blockchain: A Survey}, 
  year={2022},
  volume={},
  number={},
  pages={500-507},
  keywords={Semantic Web;Protocols;Metaverse;Scalability;Market research;Data models;Blockchains;digital identity;blockchain;decentralization;self-sovereign identity},
  doi={10.1109/Blockchain55522.2022.00077}
}

@INPROCEEDINGS{9272212,
  author={Naik, Nitin and Jenkins, Paul},
  booktitle={2020 IEEE International Symposium on Systems Engineering (ISSE)}, 
  title={Governing Principles of Self-Sovereign Identity Applied to Blockchain Enabled Privacy Preserving Identity Management Systems}, 
  year={2020},
  volume={},
  number={},
  pages={1-6},
  keywords={Ecosystems;Privacy;Cryptography;Blockchain;Analytical models;Distributed ledger;Reliability;Self-Sovereign Identity;SSI;Principles of SSI;Identity Management System;IDM;Digital Identity;Federated Identity Management;uPort;Sovrin},
  doi={10.1109/ISSE49799.2020.9272212}
}

@online{businessreporter,
  author = {{Business Reporter}},
  title = {The History of Digital Identity},
  url = {https://www.business-reporter.co.uk/technology/the-history-of-digital-identity},
  urldate = {2024-02-20},
}

@online{validatedid,
  author = {{Validated ID}},
  title = {The History of Self-Sovereign Identity},
  url = {https://www.validatedid.com/en/blog/post/the-history-of-self-sovereign-identity},
  urldate = {2024-02-22},
}

@online{dockio,
  author = {{Dock}},
  title = {Decentralized Identity and Self-Sovereign Identity: What's the Difference?},
  url = {https://www.dock.io/post/decentralized-identity#decentralized-identity-and-self-sovereign-identity-whats-the-difference},
  urldate = {2024-02-22},
}

@online{ciscofpie,
  author = {{Cisco FPIE}},
  title = {Decentralized Identities Demystified},
  url = {https://medium.com/cisco-fpie/decentralized-identities-demystified-49a65159196c},
  urldate = {2024-02-22},
}

@online{w3didcore,
  title = {Decentralized Identifiers (DIDs) v1.0},
  organization = {{World Wide Web Consortium (W3C)}},
  url = {https://www.w3.org/TR/did-core/},
  urldate = {2024-02-22},
}

@online{w3cvcdatamodel,
  title = {Verifiable Credentials Data Model},
  organization = {{World Wide Web Consortium (W3C)}},
  url = {https://www.w3.org/TR/vc-data-model/},
  urldate = {2024-02-26},
}

@online{DIDarchitecture,
  title = {Blockchain for Decentralized Identity: Conceptual Architecture},
  author = {Blockchain for Decentralized Identity},
  url = {https://medium.com/blockchain-for-decentralized-identity/blockchain-for-decentralized-identity-conceptual-architecture-982c41e446d9},
  urldate = {2024-02-26},
}

@ARTICLE{9869618,
  author={Alizadeh, Morteza and Andersson, Karl and Schelén, Olov},
  journal={IEEE Access}, 
  title={Comparative Analysis of Decentralized Identity Approaches}, 
  year={2022},
  volume={10},
  number={},
  pages={92273-92283},
  keywords={Blockchains;Cloud computing;Internet;Decentralized applications;Social networking (online);Distributed ledger;Privacy;Identification;decentralization;distributed hash table;self-sovereign identity},
  doi={10.1109/ACCESS.2022.3202553}
}

@ARTICLE{8776589,
  author={Ferdous, Md Sadek and Chowdhury, Farida and Alassafi, Madini O.},
  journal={IEEE Access}, 
  title={In Search of Self-Sovereign Identity Leveraging Blockchain Technology}, 
  year={2019},
  volume={7},
  number={},
  pages={103059-103079},
  keywords={5G mobile communication;Solid modeling;Blockchain;Indexes;Identity;identity management system;self-sovereign identity;blockchain},
  doi={10.1109/ACCESS.2019.2931173}
}

@INPROCEEDINGS{9333997,
  author={Kim, Kyung-Hoon and Lim, Seungjoo and Hwang, Dong-Yeop and Kim, Ki-Hyung},
  booktitle={2021 International Conference on Information Networking (ICOIN)}, 
  title={Analysis on the Privacy of DID Service Properties in the DID Document}, 
  year={2021},
  volume={},
  number={},
  pages={745-748},
  keywords={Privacy;Authentication;Self-Sovereign identity;Decentralized Identifiers;Privacy Protection;Blockchain},
  doi={10.1109/ICOIN50884.2021.9333997}
}

@INPROCEEDINGS{9333857,
  author={Lim, Seungjoo and Rhie, Min-Hyung and Hwang, DongYeop and Kim, Ki-Hyung},
  booktitle={2021 International Conference on Information Networking (ICOIN)}, 
  title={A Subject-Centric Credential Management Method based on the Verifiable Credentials}, 
  year={2021},
  volume={},
  number={},
  pages={508-510},
  keywords={Authentication;Self-Sovereign Identity;Verifiable Credentials;Decentralized Identifiers;Blockchains;Authentication Method},
  doi={10.1109/ICOIN50884.2021.9333857}
}

@online{VCDataIntegrity,
  title = {Verifiable Credentials Data Model 1.1},
  author = {W3C},
  url = {https://w3c.github.io/vc-data-integrity/},
  urldate = {2024-02-28},
}

@INPROCEEDINGS{10054286,
  author={S, Sampath and M, Sanjay and Ahmed, Numan and Bhagavath, Adi and R, Nanjesh B},
  booktitle={2022 IEEE 7th International Conference on Recent Advances and Innovations in Engineering (ICRAIE)}, 
  title={Decentralized Digital Identity Wallet using Principles of Self- Sovereign Identity Applied to Blockchain}, 
  year={2022},
  volume={7},
  number={},
  pages={337-341},
  keywords={Privacy;Data privacy;Technological innovation;Costs;Companies;Data breach;Blockchains},
  doi={10.1109/ICRAIE56454.2022.10054286}
}

@INPROCEEDINGS{CyberSecurity,
author = {Takaoğlu, Mustafa and Dursun, Taner and Doğan, Ali and Er, Hasan and Günay, Burçin and Emeç, Caner and Kumru, Abdulhamit and Demir, Selin and Toplu, Sibel and Özcandan, Nevzat},
year = {2023},
month = {04},
pages = {},
title = {The Impact of Self-Sovereign Identities on CyberSecurity}
}

@INPROCEEDINGS{9659929,
  author={Naik, Nitin and Grace, Paul and Jenkins, Paul},
  booktitle={2021 IEEE Symposium Series on Computational Intelligence (SSCI)}, 
  title={An Attack Tree Based Risk Analysis Method for Investigating Attacks and Facilitating Their Mitigations in Self-Sovereign Identity}, 
  year={2021},
  volume={},
  number={},
  pages={1-8},
  keywords={Analytical models;Privacy;Systematics;Blockchains;Security;Risk management;Computer crime;Attack Tree;Risk Analysis Method;Digital Identity;Self-Sovereign Identity;SSI;Identity Management System;IDM;Decentralized IDentifier;DID;Verifiable Credential;VC;Distributed Ledger Technology;Blockchain;DLT;Faking Identity;Identity Theft;Distributed Denial of Service;DDoS},
  doi={10.1109/SSCI50451.2021.9659929}
}
